@book{kurose2017computer,
  author = {Kurose, J. F. and Ross, K. W.},
  title = {Computer Networking: A Top-Down Approach},
  year = {2017},
  publisher = {Pearson}
}
@book{gregory2014game,
  author = {Gregory, J.},
  title = {Game Engine Architecture},
  year = {2014},
  edition = {2},
  publisher = {CRC Press}
}
@incollection{peterson2011computer,
  author = {Peterson, Larry L. and Davie, Bruce S.},
  title = {Computer Networks: A Systems Approach},
  year = {2011},
  chapter = {3},
  booktitle = {Computer Networks: A Systems Approach},
  publisher = {Morgan Kaufmann},
  address = {San Francisco, CA},
  edition = {5}
}
@book{stevens2011tcp,
  author = {Stevens, W. Richard},
  title = {TCP/IP Illustrated, Volume 1: The Protocols},
  year = {2011},
  publisher = {Addison-Wesley},
  address = {Boston, MA},
  pages = {160-161}
}
@misc{rfc793,
  author = {Postel, J.},
  title = {{Transmission Control Protocol}},
  howpublished = {RFC 793},
  year = {1981},
  month = {September},
  url = {https://tools.ietf.org/html/rfc793},
}
@misc{rfc5681,
  author = {Allman, M. and Paxson, V. and Stevens, W.},
  title = {{TCP Congestion Control}},
  howpublished = {RFC 5681},
  year = {2009},
  month = {September},
  url = {https://tools.ietf.org/html/rfc5681},
}
@book{fiedler2013networking,
  author = {Fiedler, Glenn},
  title = {Networking for Game Programmers},
  year = {2013},
  publisher = {Gaffer On Games},
  address = {Santa Monica, CA}
}
@article{zhang2012design,
  title={Design and Analysis of a Centralized Network Architecture for Multiplayer Online Games},
  author={Zhang, Zhihong and Wu, Jie},
  journal={IEEE Transactions on Parallel and Distributed Systems},
  volume={23},
  number={6},
  pages={1078--1091},
  year={2012},
  publisher={IEEE}
}
@article{claypool2006latency,
  title={Latency and player actions in online games},
  author={Claypool, Mark and Claypool, Kate},
  journal={Communications of the ACM},
  volume={49},
  number={11},
  pages={40--45},
  year={2006},
  publisher={ACM}
}
@misc{birkettcentralized2021,
    author = {Birkett, Jake},
    title = {Centralized vs Distributed Network Architectures for Indie Games},
    url = {https://greyaliengames.com/blog/centralized-vs-distributed-network-architectures-for-indie-games/},
    year = {2021}
}
@article{peer-to-peer-gaming-gamasutra,
  title = {Peer-to-Peer Gaming: A technical overview},
  author = {Jason Gregory},
  journal = {Gamasutra},
  url = {https://www.gamasutra.com/view/feature/130754/peer_to_peer_gaming_a_technical_.php},
  year = {2005}
}
@article{understanding-p2p-networking-oracle,
  title = {Understanding Peer-to-Peer Networking},
  author = {Oracle},
  journal = {Oracle Documentation},
  url = {https://docs.oracle.com/cd/E11882_01/network.112/e16543/p2p.htm},
  year = {2012}
}
@article{p2p-networks-multiplayer-games-acm,
  title = {Peer-to-Peer Networks for Multiplayer Games},
  author = {KyoungSoo Park, Sangho Shin and Sue Moon},
  journal = {ACM Digital Library},
  url = {https://dl.acm.org/doi/abs/10.1145/3311354.3322211},
  year = {2019}
}
@book{ferguson2015multiplayer,
title={Multiplayer Game Programming: Architecting Networked Games},
author={Ferguson, Andrew and Fernandez, Eddie B},
year={2015},
publisher={Addison-Wesley Professional}
}
@inproceedings{amann2016benefits,
  title={The Benefits and Challenges of Hybrid Multiplayer Games},
  author={Amann, Julian and Wolff, Robin},
  booktitle={Proceedings of the 2016 Annual Symposium on Computer-Human Interaction in Play},
  pages={219--225},
  year={2016},
  organization={ACM}
}
@article{hadavi2020security,
  title={Security Challenges in Hybrid Peer-to-Peer Networks: A Systematic Literature Review},
  author={Hadavi, Arash and Panaousis, Emmanouil},
  journal={IEEE Access},
  volume={8},
  pages={223804--223818},
  year={2020},
  publisher={IEEE}
}
@misc{bungie2021destiny,
title={Destiny 2 Networking},
author={Bungie},
year={2021},
url = {https://www.bungie.net/en/Help/Article/46407},
}
@misc{rare2021sea,
title={Sea of Thieves: A Shared-World Adventure Game},
author={Rare Ltd.},
year={2021},
url = {https://www.seaofthieves.com/about},
}
@inproceedings{blattner2016network,
  title={Network performance evaluation of hybrid multiplayer games},
  author={Blattner, Mirko and Schubert, Simon},
  booktitle={Proceedings of the 10th International Conference on Ubiquitous Information Management and Communication},
  pages={1--6},
  year={2016},
  organization={ACM}
}
@book{glazer2015multiplayer,
  author = {Glazer, Josh and Madhav, Sanjay},
  title = {Multiplayer Game Programming: Architecting Networked Games},
  year = {2015},
  publisher = {Addison-Wesley},
  address = {Boston, MA}
}
@misc{gartneremerging,
  author = {Gartner},
  title = {{4 Emerging Technologies You Need to Know About}},
  howpublished = {https://www.gartner.com/en/articles/4-emerging-technologies-you-need-to-know-about},
  year = {2023},
}
@online{lopezcloudgaming,
  author = {Lopez, Sergio},
  title = {Cloud Gaming: A Revolution in Gaming Technology},
  url = {https://cloudacademy.com/blog/cloud-gaming-a-revolution-in-gaming-technology/},
}
@article{WEF2021,
title={Connecting more people to AR and VR technologies could transform everything from education and healthcare to mining and tourism},
author={World Economic Forum},
journal={World Economic Forum},
year={2021},
month={February},
url={https://www.weforum.org/agenda/2021/02/virtual-reality-augmented-reality-sustainable-development/}
}
@inproceedings{Zhang2017,
title={EdgeFOV: Enabling immersive video streaming in cellular networks},
author={Zhang, Fan and Wang, Bingxin and Lu, Xiaojun and Chen, Rong and Liu, Ningwei and Zhang, Jingyu},
booktitle={Proceedings of the 2017 Workshop on Mobile Edge Communications},
pages={15--20},
year={2017},
organization={ACM},
url={https://dl.acm.org/doi/10.1145/3097895.3097901}
}
@article{blockchaingaming,
  author = {Zhang, Xinxin and Li, Guoqing and Li, Jing and Fang, Yuan and Zhang, Zhe and Jiang, Wei and Li, Gang},
  title = {{Blockchain and Its Applications in the Gaming Industry: A Review}},
  journal = {{IEEE Access}},
  volume = {8},
  pages = {58194-58209},
  year = {2020},
  doi = {10.1109/ACCESS.2020.2986475},
}
@online{blockchainNFT,
  author = {Chuen, David LEE Kuo Chuen and Low, Linda},
  title = {{Blockchain Gaming and NFTs: The Future of Entertainment}},
  year = {2021},
  organization = {{Blockchain Research Institute}},
  url = {https://www.blockchainresearchinstitute.org/wp-content/uploads/2021/08/BRI-Blockchain-Gaming-and-NFTs-Aug-23-2021.pdf},
}
@book{realtimecollision,
  author = {Ericson, Christer},
  title = {{Real-Time Collision Detection}},
  year = {2005},
  publisher = {{Morgan Kaufmann Publishers}},
  isbn = {978-1558607323},
}
@online{webrtc,
  author = {{WebRTC}},
  title = {{WebRTC Homepage}},
  url = {https://webrtc.org/},
}
@online{webrtcrealtimegaming,
  author = {{WebRTC for the Curious}},
  title = {{Real-Time Gaming with WebRTC}},
  url = {https://webrtcforthecurious.com/},
}
@online{webrtcgamedev,
  author = {Mangiardi, Muaz},
  title = {{WebRTC Experiments}},
  url = {https://www.webrtc-experiment.com},
}
@online{webrtcgamingmatch,
  author = {Tsahi Levent-Levi},
  title = {{WebRTC and Gaming: The Perfect Match}},
  year = {accessed 24 Apr. 2023},
  url = {https://bloggeek.me/webrtc-gaming/},
}
@online{gamemiddleware,
  author = {Haas, Jim},
  title = {{The Pros and Cons of Game Middleware}},
  year = {2017},
  organization = {{Game Developer Magazine}},
  url = {https://www.gamedeveloper.com/business/the-pros-and-cons-of-game-middleware},
}
@online{gamenetworkmiddleware,
  author = {Luo, Weihao and Noronha, Tatiana and Qian, Kathy},
  title = {{Game Networking Middleware: A Practical Guide to Choosing Solutions}},
  year = {2013},
  organization = {{Game Developers Conference}},
  url = {https://www.gdcvault.com/play/1016361/Game-Networking-Middleware-A-Practical},
}
@article{fovedge,
  author = {Simone Mangiante, Guenter Klas, Amit Navon...},
  title = {{Optimizing Field Of View in VR Streaming using Mobile Edge Computing}},
  journal = {{ACM SIGCOMM Computer Communication Review}},
  volume = {47},
  number = {5},
  pages = {12-18},
  year = {2017},
  publisher = {ACM},
  doi = {10.1145/3097895.3097901},
  url = {https://dl.acm.org/doi/10.1145/3097895.3097901},
}
@book{pressman2015software,
  title={Software engineering: A practitioner's approach},
  author={Pressman, Roger S and Maxim, Bruce R},
  edition={8th},
  publisher={McGraw Hill},
  year={2015}
}
@article{patel2018kanban,
  title={Kanban Based Software Development-A Systematic Literature Review},
  author={Patel, Hiren and Sahu, Sanjay Kumar},
  journal={International Journal of Computer Science and Information Security (IJCSIS)},
  volume={16},
  number={4},
  pages={100--107},
  year={2018}
}
@article{al2017project,
    title={Project management methodologies: A review of the literature},
    author={Al-Maghrabi, T and Zwikael, O},
    journal={Project Management Journal},
    volume={48},
    number={3},
    pages={100--116},
    year={2017},
    publisher={Wiley Online Library}
}
@misc{stepico-unity,
  author = {Stepico},
  title = {Why Is Unity the Best Game Engine: Pros and Cons},
  url = {https://stepico.com/blog/why-is-unity-the-best-game-engine-pros-and-cons/},
  year = {2021},
}